<?xml version="1.0" encoding="UTF-8"?><collection xmlns="http://www.loc.gov/MARC21/slim"><record><leader>00661nam--2200181-u-4500</leader><controlfield tag="001">000051241</controlfield><controlfield tag="002">20161230</controlfield><controlfield tag="005">20161230201049</controlfield><controlfield tag="008">080605s1000------------r-----000-0-eng-d</controlfield><datafield ind1=" " ind2=" " tag="040"><subfield code="a">IFIN-HH</subfield></datafield><datafield ind1="1" ind2=" " tag="100"><subfield code="a">Bourbaki, N</subfield></datafield><datafield ind1="1" ind2=" " tag="245"><subfield code="a">Topologie Generale Livre III. Chap. V Groupes a un parametre Chap. VI Especes numeriques et espaces projectifs Chap. VII Les Groups additifs Rn Chap. VIII Nombres comlexes</subfield></datafield><datafield ind1=" " ind2=" " tag="260"><subfield code="a">Paris</subfield><subfield code="b">Hermann &amp; Cie, Editeurs</subfield><subfield code="c">1947</subfield></datafield><datafield ind1=" " ind2=" " tag="300"><subfield code="a">127 p</subfield></datafield><datafield ind1=" " ind2=" " tag="490"><subfield code="a">Elements de Mathematique V premiere partie Les Structures fundalentales de l'analyse</subfield></datafield><datafield ind1="1" ind2=" " tag="700"><subfield code="a">N. Bourbaki</subfield></datafield><datafield ind1=" " ind2=" " tag="852"><subfield code="a">10660</subfield><subfield code="c">513.83</subfield></datafield><datafield ind1=" " ind2=" " tag="CAT"><subfield code="a">Sys</subfield><subfield code="c">20080605</subfield><subfield code="h">115236</subfield></datafield></record></collection>